<?xml version="1.0" encoding="UTF-8"?><collection xmlns="http://www.loc.gov/MARC21/slim"><record><leader>00615nam--2200193-i-4500</leader><controlfield tag="001">000012025</controlfield><controlfield tag="002">20161230</controlfield><controlfield tag="005">20161230201029</controlfield><controlfield tag="008">060222s1000------------r-----000-0-rum-d</controlfield><datafield ind1=" " ind2=" " tag="040"><subfield code="a">IFIN-HH</subfield></datafield><datafield ind1=" " ind2=" " tag="041"><subfield code="a">rum</subfield></datafield><datafield ind1=" " ind2=" " tag="080"><subfield code="a">539.172.5:539.12.162.7(043)</subfield></datafield><datafield ind1="1" ind2=" " tag="100"><subfield code="a">Besliu,Tatiana</subfield></datafield><datafield ind1="1" ind2="0" tag="245"><subfield code="a">Interactiunile elastice ale nucleonilor si mesonilor la energii intre l si 30 gev. (referat de aspirantura)</subfield><subfield code="b">Teza</subfield><subfield code="c">Tatiana besliu</subfield></datafield><datafield ind1=" " ind2=" " tag="260"><subfield code="a">Bucuresti</subfield><subfield code="b">Facultatea De Fizica</subfield><subfield code="c">1963</subfield></datafield><datafield ind1=" " ind2=" " tag="300"><subfield code="a">117P</subfield></datafield><datafield ind1=" " ind2=" " tag="502"><subfield code="a">Conducator Stiintific: Acad.Prof. H. Hulubei</subfield></datafield><datafield ind1=" " ind2=" " tag="852"><subfield code="a">44495</subfield><subfield code="c">H.H</subfield></datafield><datafield ind1=" " ind2=" " tag="CAT"><subfield code="a">Sys</subfield><subfield code="c">20130409</subfield><subfield code="h">170252</subfield></datafield></record></collection>